@online{twp_project,
    author = "{jykuo-love-shiritori}",
    title = "Too White Powder (TWP)",
    url = "https://twp.noobdy.com",
}